@article{1Helicity,
  title = {Helicity of Neutrinos},
  author = {Goldhaber, M. and Grodzins, L. and Sunyar, A. W.},
  journal = {Phys. Rev.},
  volume = {109},
  issue = {3},
  pages = {1015--1017},
  numpages = {0},
  year = {1958},
  month = {Feb},
  publisher = {American Physical Society},
  doi = {10.1103/PhysRev.109.1015},
  url = {http://link.aps.org/doi/10.1103/PhysRev.109.1015}
}

@mastersthesis{2Hallsjo,
   author = {Hallsj{\"o}, Sven-Patrik},
   institution = {Linköping University, Department of Physics, Chemistry and Biology},
   institution = {Linköping University, The Institute of Technology},
   pages = {79},
   school = {Linköping UniversityLinköping University, Department of Physics, Chemistry and Biology, The Institute of Technology},
   title = {Search for Dark Matter in the Upgraded High Luminosity LHC at CERN : Sensitivity of ATLAS phase II upgrade to dark matter production},
   year = {2014}
}

@book{3Peskin,
      author        = "Peskin, Michael E and Schroeder, Daniel V",
      title         = "{An Introduction to Quantum Field Theory; 1995 ed.}",
      publisher     = "Westview",
      address       = "Boulder, CO",
      year          = "1995",
      url           = "https://cds.cern.ch/record/257493",
}

@ONLINE{4Pauli:Online,
author = {Pauly, Wolfgang},
month = May,
year = {2016},
url = {https://www.library.ethz.ch/exhibit/pauli/neutrino_e.html}
}

@article{5Wilson,
   author = "Wilson, Fred L.",
   title = "Fermi Theory of Beta Decay",
   journal = "American Journal of Physics",
   year = "1968",
   volume = "36",
   number = "12", 
   pages = "1150-1160",
   url = "http://scitation.aip.org/content/aapt/journal/ajp/36/12/10.1119/1.1974382",
   doi = "http://dx.doi.org/10.1119/1.1974382" 
}

@article{6Reines,
	Annote = {10.1038/178446a0},
	Author = {REINES, FREDERICK and COWAN, CLYDE L.},
	Date = {1956/09/01/print},
	Date-Added = {2016-04-26 08:40:22 +0000},
	Date-Modified = {2016-04-26 08:40:22 +0000},
	Day = {01},
	Journal = {Nature},
	M3 = {10.1038/178446a0},
	Month = {09},
	Number = {4531},
	Pages = {446--449},
	Title = {The Neutrino},
	Ty = {JOUR},
	Url = {http://dx.doi.org/10.1038/178446a0},
	Volume = {178},
	Year = {1956},
	url = {http://dx.doi.org/10.1038/178446a0},
	}

@article{7Danby,
  title = {Observation of High-Energy Neutrino Reactions and the Existence of Two Kinds of Neutrinos},
  author = {Danby, G. and Gaillard, J-M. and Goulianos, K. and Lederman, L. M. and Mistry, N. and Schwartz, M. and Steinberger, J.},
  journal = {Phys. Rev. Lett.},
  volume = {9},
  issue = {1},
  pages = {36--44},
  numpages = {0},
  year = {1962},
  month = {Jul},
  publisher = {American Physical Society},
  doi = {10.1103/PhysRevLett.9.36},
  url = {http://link.aps.org/doi/10.1103/PhysRevLett.9.36}
}


@article{8Perl,
  title = {Evidence for Anomalous Lepton Production in ${e}^{+}-{e}^{-}$ Annihilation},
  author = {Perl, M. L. and Abrams, G. S. and Boyarski, A. M. and Breidenbach, M. and Briggs, D. D. and Bulos, F. and Chinowsky, W. and Dakin, J. T. and Feldman, G. J. and Friedberg, C. E. and Fryberger, D. and Goldhaber, G. and Hanson, G. and Heile, F. B. and Jean-Marie, B. and Kadyk, J. A. and Larsen, R. R. and Litke, A. M. and L\"uke, D. and Lulu, B. A. and L\"uth, V. and Lyon, D. and Morehouse, C. C. and Paterson, J. M. and Pierre, F. M. and Pun, T. P. and Rapidis, P. A. and Richter, B. and Sadoulet, B. and Schwitters, R. F. and Tanenbaum, W. and Trilling, G. H. and Vannucci, F. and Whitaker, J. S. and Winkelmann, F. C. and Wiss, J. E.},
  journal = {Phys. Rev. Lett.},
  volume = {35},
  issue = {22},
  pages = {1489--1492},
  numpages = {0},
  year = {1975},
  month = {Dec},
  publisher = {American Physical Society},
  doi = {10.1103/PhysRevLett.35.1489},
  url = {http://link.aps.org/doi/10.1103/PhysRevLett.35.1489}
}

@book{9Davis,place={United States},title={Solar Neutrino Problem},url={http://www.osti.gov/accomplishments/documents/fullText/ACC0068.pdf},abstractNote={A summary of the results of the Brookhaven solar neutrino experiment is given and discussed in relation to solar model calculations. A review is given of the merits of various new solar neutrino detectors that were proposed.},author={Davis, R. Jr. and Evans, J. C. and Cleveland, B. T.},year={1978},month={Apr}}

@article{10Fukuda,
  title = {Evidence for Oscillation of Atmospheric Neutrinos},
  author = {Fukuda, Y. and Hayakawa, T. and Ichihara, E. and Inoue, K. and Ishihara, K. and Ishino, H. and Itow, Y. and Kajita, T. and Kameda, J. and Kasuga, S. and Kobayashi, K. and Kobayashi, Y. and Koshio, Y. and Miura, M. and Nakahata, M. and Nakayama, S. and Okada, A. and Okumura, K. and Sakurai, N. and Shiozawa, M. and Suzuki, Y. and Takeuchi, Y. and Totsuka, Y. and Yamada, S. and Earl, M. and Habig, A. and Kearns, E. and Messier, M. D. and Scholberg, K. and Stone, J. L. and Sulak, L. R. and Walter, C. W. and Goldhaber, M. and Barszczxak, T. and Casper, D. and Gajewski, W. and Halverson, P. G. and Hsu, J. and Kropp, W. R. and Price, L. R. and Reines, F. and Smy, M. and Sobel, H. W. and Vagins, M. R. and Ganezer, K. S. and Keig, W. E. and Ellsworth, R. W. and Tasaka, S. and Flanagan, J. W. and Kibayashi, A. and Learned, J. G. and Matsuno, S. and Stenger, V. J. and Takemori, D. and Ishii, T. and Kanzaki, J. and Kobayashi, T. and Mine, S. and Nakamura, K. and Nishikawa, K. and Oyama, Y. and Sakai, A. and Sakuda, M. and Sasaki, O. and Echigo, S. and Kohama, M. and Suzuki, A. T. and Haines, T. J. and Blaufuss, E. and Kim, B. K. and Sanford, R. and Svoboda, R. and Chen, M. L. and Conner, Z. and Goodman, J. A. and Sullivan, G. W. and Hill, J. and Jung, C. K. and Martens, K. and Mauger, C. and McGrew, C. and Sharkey, E. and Viren, B. and Yanagisawa, C. and Doki, W. and Miyano, K. and Okazawa, H. and Saji, C. and Takahata, M. and Nagashima, Y. and Takita, M. and Yamaguchi, T. and Yoshida, M. and Kim, S. B. and Etoh, M. and Fujita, K. and Hasegawa, A. and Hasegawa, T. and Hatakeyama, S. and Iwamoto, T. and Koga, M. and Maruyama, T. and Ogawa, H. and Shirai, J. and Suzuki, A. and Tsushima, F. and Koshiba, M. and Nemoto, M. and Nishijima, K. and Futagami, T. and Hayato, Y. and Kanaya, Y. and Kaneyuki, K. and Watanabe, Y. and Kielczewska, D. and Doyle, R. A. and George, J. S. and Stachyra, A. L. and Wai, L. L. and Wilkes, R. J. and Young, K. K.},
  collaboration = {Super-Kamiokande Collaboration},
  journal = {Phys. Rev. Lett.},
  volume = {81},
  issue = {8},
  pages = {1562--1567},
  numpages = {0},
  year = {1998},
  month = {Aug},
  publisher = {American Physical Society},
  doi = {10.1103/PhysRevLett.81.1562},
  url = {http://link.aps.org/doi/10.1103/PhysRevLett.81.1562}
}

@ARTICLE{11Pontecorvo,
   author = {{Pontecorvo}, B.},
    title = "{Neutrino Experiments and the Problem of Conservation of Leptonic Charge}",
  journal = {Soviet Journal of Experimental and Theoretical Physics},
     year = 1968,
    month = may,
   volume = 26,
    pages = {984},
   adsurl = {http://adsabs.harvard.edu/abs/1968JETP...26..984P},
  adsnote = {Provided by the SAO/NASA Astrophysics Data System}
}

@article{12Maki,
author = {Maki, Ziro and Nakagawa, Masami and Sakata, Shoichi}, 
title = {Remarks on the Unified Model of Elementary Particles},
volume = {28}, 
number = {5}, 
pages = {870-880}, 
year = {1962}, 
doi = {10.1143/PTP.28.870}, 
abstract ={A particle mixture theory of neutrino is proposed assuming the existence of two kinds of neutrinos. Based on the neutrino-mixture theory, a possible unified model of elementary particles is constructed by generalizing the Sakata-Nagoya model. Our scheme gives a natural explanation of smallness of leptonic decay rate of hyperons as well as the subtle difference of Gν's between µ-e and β-decay.Starting with this scheme, the possibility of Ke3 mode with ΔS/ΔQ = −1 is also examined, and some bearings on the dynamical role of the B-matter, a fundamental constituent of baryons in the Nagoya model, are clarified.}, 
URL = {http://ptp.oxfordjournals.org/content/28/5/870.abstract}, 
eprint = {http://ptp.oxfordjournals.org/content/28/5/870.full.pdf+html}, 
journal = {Progress of Theoretical Physics} 
}

@article{13PDG,
      author         = "Olive, K. A. and others",
      title          = "{Review of Particle Physics}",
      collaboration  = "Particle Data Group",
      journal        = "Chin. Phys.",
      volume         = "C38",
      year           = "2014",
      pages          = "090001",
      doi            = "10.1088/1674-1137/38/9/090001",
      SLACcitation   = "%%CITATION = CHPHD,C38,090001;%%"
}

@book{14Berry,
      author        = "Berry, Michael Victor",
      title         = "{Principles of cosmology and gravitation}",
      publisher     = "IOP",
      address       = "Bristol",
      year          = "1989",
      url           = "https://cds.cern.ch/record/206659",
}

@article{15AMS1,
title = "The Alpha Magnetic Spectrometer (AMS) on the International Space Station: Part I – results from the test flight on the space shuttle ",
journal = "Physics Reports ",
volume = "366",
number = "6",
pages = "331 - 405",
year = "2002",
note = "",
issn = "0370-1573",
doi = "http://dx.doi.org/10.1016/S0370-1573(02)00013-3",
url = "http://www.sciencedirect.com/science/article/pii/S0370157302000133",
author = "M. Aguilar and J. Alcaraz and J. Allaby and B. Alpat and G. Ambrosi and H. Anderhub and L. Ao and A. Arefiev and P. Azzarello and E. Babucci and L. Baldini and M. Basile and D. Barancourt and F. Barao and G. Barbier and G. Barreira and R. Battiston and R. Becker and U. Becker and L. Bellagamba and P. Béné and J. Berdugo and P. Berges and B. Bertucci and A. Biland and S. Bizzaglia and S. Blasko and G. Boella and M. Boschini and M. Bourquin and L. Brocco and G. Bruni and M. Buénerd and J.D. Burger and W.J. Burger and X.D. Cai and C. Camps and P. Cannarsa and M. Capell and D. Casadei and J. Casaus and G. Castellini and C. Cecchi and Y.H. Chang and H.F. Chen and H.S. Chen and Z.G. Chen and N.A. Chernoplekov and T.H. Chiueh and K. Cho and M.J. Choi and Y.Y. Choi and Y.L. Chuang and F. Cindolo and V. Commichau and A. Contin and E. Cortina-Gil and M. Cristinziani and J.P. da Cunha and T.S. Dai and C. Delgado and J.D. Deus and N. Dinu and L. Djambazov and I. D'Antone and Z.R. Dong and P. Emonet and J. Engelberg and F.J. Eppling and T. Eronen and G. Esposito and P. Extermann and J. Favier and E. Fiandrini and P.H. Fisher and G. Fluegge and N. Fouque and Yu. Galaktionov and M. Gervasi and P. Giusti and D. Grandi and O. Grimms and W.Q. Gu and K. Hangarter and A. Hasan and V. Hermel and H. Hofer and M.A. Huang and W. Hungerford and M. Ionica and R. Ionica and M. Jongmanns and K. Karlamaa and W. Karpinski and G. Kenney and J. Kenny and D.H. Kim and G.N. Kim and K.S. Kim and M.Y. Kim and A. Klimentov and R. Kossakowski and V. Koutsenko and M. Kraeber and G. Laborie and T. Laitinen and G. Lamanna and E. Lanciotti and G. Laurenti and A. Lebedev and C. Lechanoine-Leluc and M.W. Lee and S.C. Lee and G. Levi and P. Levtchenko and C.L. Liu and H.T. Liu and I. Lopes and G. Lu and Y.S. Lu and K. Lübelsmeyer and D. Luckey and W. Lustermann and C. Maña and A. Margotti and F. Mayet and R.R. McNeil and B. Meillon and M. Menichelli and A. Mihul and A. Mourao and A. Mujunen and F. Palmonari and A. Papi and H.B. Park and W.H. Park and M. Pauluzzi and F. Pauss and E. Perrin and A. Pesci and A. Pevsner and M. Pimenta and V. Plyaskin and V. Pojidaev and M. Pohl and V. Postolache and N. Produit and P.G. Rancoita and D. Rapin and F. Raupach and D. Ren and Z. Ren and M. Ribordy and J.P. Richeux and E. Riihonen and J. Ritakari and S. Ro and U. Roeser and C. Rossin and R. Sagdeev and D. Santos and G. Sartorelli and C. Sbarra and S. Schael and A. Schultz von Dratzig and G. Schwering and G. Scolieri and E.S. Seo and J.W. Shin and V. Shoutko and E. Shoumilov and R. Siedling and D. Son and T. Song and M. Steuer and G.S. Sun and H. Suter and X.W. Tang and Samuel C.C. Ting and S.M. Ting and M. Tornikoski and J. Torsti and J. Trümper and J. Ulbricht and S. Urpo and E. Valtonen and J. Vandenhirtz and F. Velcea and E. Velikhov and B. Verlaat and I. Vetlitsky and F. Vezzu and J.P. Vialle and G. Viertel and D. Vité and H.Von Gunten and S.Waldmeier Wicki and W. Wallraff and B.C. Wang and J.Z. Wang and Y.H. Wang and K. Wiik and C. Williams and S.X. Wu and P.C. Xia and J.L. Yan and L.G. Yan and C.G. Yang and J. Yang and M. Yang and S.W. Ye and P. Yeh and Z.Z. Xu and H.Y. Zhang and Z.P. Zhang and D.X. Zhao and G.Y. Zhu and W.Z. Zhu and H.L. Zhuang and A. Zichichi and B. Zimmermann and P. Zuccon",
abstract = "The Alpha Magnetic Spectrometer (AMS) was flown on the space shuttle Discovery during flight STS-91 (June 1998) in a 51.7° orbit at altitudes between 320 and 390 km. A search for antihelium nuclei in the rigidity range 1–140 \{GV\} was performed. No antihelium nuclei were detected at any rigidity. An upper limit on the flux ratio of antihelium to helium of &lt;1.1×10−6 was obtained. The high energy proton, electron, positron, helium, antiproton and deuterium spectra were accurately measured. For each particle and nuclei two distinct spectra were observed: a higher energy spectrum and a substantial second spectrum. Positrons in the second spectrum were found to be much more abundant than electrons. Tracing particles from the second spectra shows that most of them travel for an extended period of time in the geomagnetic field, and that the positive particles (p and e+) and negative ones (e−) originate from two complementary geographic regions. The second helium spectrum flux over the energy range 0.1–1.2 GeV/nucleon was measured to be (6.3±0.9)×10−3(m2 s sr)−1. Over 90 percent of the helium flux was determined to be 3He at the 90% confidence level. "
}

@article{16AMS2,
  title = {High Statistics Measurement of the Positron Fraction in Primary Cosmic Rays of 0.5\char21{}500 GeV with the Alpha Magnetic Spectrometer on the International Space Station},
  author = {Accardo, L. and Aguilar, M. and Aisa, D. and Alpat, B. and Alvino, A. and Ambrosi, G. and Andeen, K. and Arruda, L. and Attig, N. and Azzarello, P. and Bachlechner, A. and Barao, F. and Barrau, A. and Barrin, L. and Bartoloni, A. and Basara, L. and Battarbee, M. and Battiston, R. and Bazo, J. and Becker, U. and Behlmann, M. and Beischer, B. and Berdugo, J. and Bertucci, B. and Bigongiari, G. and Bindi, V. and Bizzaglia, S. and Bizzarri, M. and Boella, G. and de Boer, W. and Bollweg, K. and Bonnivard, V. and Borgia, B. and Borsini, S. and Boschini, M. J. and Bourquin, M. and Burger, J. and Cadoux, F. and Cai, X. D. and Capell, M. and Caroff, S. and Carosi, G. and Casaus, J. and Cascioli, V. and Castellini, G. and Cernuda, I. and Cerreta, D. and Cervelli, F. and Chae, M. J. and Chang, Y. H. and Chen, A. I. and Chen, H. and Cheng, G. M. and Chen, H. S. and Cheng, L. and Chikanian, A. and Chou, H. Y. and Choumilov, E. and Choutko, V. and Chung, C. H. and Cindolo, F. and Clark, C. and Clavero, R. and Coignet, G. and Consolandi, C. and Contin, A. and Corti, C. and Coste, B. and Cui, Z. and Dai, M. and Delgado, C. and Della Torre, S. and Demirk\"oz, M. B. and Derome, L. and Di Falco, S. and Di Masso, L. and Dimiccoli, F. and D\'{\i}az, C. and von Doetinchem, P. and Du, W. J. and Duranti, M. and D'Urso, D. and Eline, A. and Eppling, F. J. and Eronen, T. and Fan, Y. Y. and Farnesini, L. and Feng, J. and Fiandrini, E. and Fiasson, A. and Finch, E. and Fisher, P. and Galaktionov, Y. and Gallucci, G. and Garc\'{\i}a, B. and Garc\'{\i}a-L\'opez, R. and Gast, H. and Gebauer, I. and Gervasi, M. and Ghelfi, A. and Gillard, W. and Giovacchini, F. and Goglov, P. and Gong, J. and Goy, C. and Grabski, V. and Grandi, D. and Graziani, M. and Guandalini, C. and Guerri, I. and Guo, K. H. and Haas, D. and Habiby, M. and Haino, S. and Han, K. C. and He, Z. H. and Heil, M. and Henning, R. and Hoffman, J. and Hsieh, T. H. and Huang, Z. C. and Huh, C. and Incagli, M. and Ionica, M. and Jang, W. Y. and Jinchi, H. and Kanishev, K. and Kim, G. N. and Kim, K. S. and Kirn, Th. and Kossakowski, R. and Kounina, O. and Kounine, A. and Koutsenko, V. and Krafczyk, M. S. and Kunz, S. and La Vacca, G. and Laudi, E. and Laurenti, G. and Lazzizzera, I. and Lebedev, A. and Lee, H. T. and Lee, S. C. and Leluc, C. and Levi, G. and Li, H. L. and Li, J. Q. and Li, Q. and Li, Q. and Li, T. X. and Li, W. and Li, Y. and Li, Z. H. and Li, Z. Y. and Lim, S. and Lin, C. H. and Lipari, P. and Lippert, T. and Liu, D. and Liu, H. and Lolli, M. and Lomtadze, T. and Lu, M. J. and Lu, Y. S. and Luebelsmeyer, K. and Luo, F. and Luo, J. Z. and Lv, S. S. and Majka, R. and Malinin, A. and Ma\~n\'a, C. and Mar\'{\i}n, J. and Martin, T. and Mart\'{\i}nez, G. and Masi, N. and Massera, F. and Maurin, D. and Menchaca-Rocha, A. and Meng, Q. and Mo, D. C. and Monreal, B. and Morescalchi, L. and Mott, P. and M\"uller, M. and Ni, J. Q. and Nikonov, N. and Nozzoli, F. and Nunes, P. and Obermeier, A. and Oliva, A. and Orcinha, M. and Palmonari, F. and Palomares, C. and Paniccia, M. and Papi, A. and Pauluzzi, M. and Pedreschi, E. and Pensotti, S. and Pereira, R. and Pilastrini, R. and Pilo, F. and Piluso, A. and Pizzolotto, C. and Plyaskin, V. and Pohl, M. and Poireau, V. and Postaci, E. and Putze, A. and Quadrani, L. and Qi, X. M. and Rancoita, P. G. and Rapin, D. and Ricol, J. S. and Rodr\'{\i}guez, I. and Rosier-Lees, S. and Rossi, L. and Rozhkov, A. and Rozza, D. and Rybka, G. and Sagdeev, R. and Sandweiss, J. and Saouter, P. and Sbarra, C. and Schael, S. and Schmidt, S. M. and Schuckardt, D. and Schulz von Dratzig, A. and Schwering, G. and Scolieri, G. and Seo, E. S. and Shan, B. S. and Shan, Y. H. and Shi, J. Y. and Shi, X. Y. and Shi, Y. M. and Siedenburg, T. and Son, D. and Spada, F. and Spinella, F. and Sun, W. and Sun, W. H. and Tacconi, M. and Tang, C. P. and Tang, X. W. and Tang, Z. C. and Tao, L. and Tescaro, D. and Ting, Samuel C. C. and Ting, S. M. and Tomassetti, N. and Torsti, J. and T\"urko\ifmmode \breve{g}\else \u{g}\fi{}lu, C. and Urban, T. and Vagelli, V. and Valente, E. and Vannini, C. and Valtonen, E. and Vaurynovich, S. and Vecchi, M. and Velasco, M. and Vialle, J. P. and Vitale, V. and Volpini, G. and Wang, L. Q. and Wang, Q. L. and Wang, R. S. and Wang, X. and Wang, Z. X. and Weng, Z. L. and Whitman, K. and Wienkenh\"over, J. and Wu, H. and Wu, K. Y. and Xia, X. and Xie, M. and Xie, S. and Xiong, R. Q. and Xin, G. M. and Xu, N. S. and Xu, W. and Yan, Q. and Yang, J. and Yang, M. and Ye, Q. H. and Yi, H. and Yu, Y. J. and Yu, Z. Q. and Zeissler, S. and Zhang, J. H. and Zhang, M. T. and Zhang, X. B. and Zhang, Z. and Zheng, Z. M. and Zhou, F. and Zhuang, H. L. and Zhukov, V. and Zichichi, A. and Zimmermann, N. and Zuccon, P. and Zurbach, C.},
  collaboration = {(AMS Collaboration)},
  journal = {Phys. Rev. Lett.},
  volume = {113},
  issue = {12},
  pages = {121101},
  numpages = {9},
  year = {2014},
  month = {Sep},
  publisher = {American Physical Society},
  doi = {10.1103/PhysRevLett.113.121101},
  url = {http://link.aps.org/doi/10.1103/PhysRevLett.113.121101}
}

@article{17Gonzalez,
      author         = "Gonzalez-Garcia, M. C. and Maltoni, Michele and Salvado,
                        Jordi and Schwetz, Thomas",
      title          = "{Global fit to three neutrino mixing: critical look at
                        present precision}",
      journal        = "JHEP",
      volume         = "12",
      year           = "2012",
      pages          = "123",
      doi            = "10.1007/JHEP12(2012)123",
      eprint         = "1209.3023",
      archivePrefix  = "arXiv",
      primaryClass   = "hep-ph",
      reportNumber   = "IFT-UAM-CSIC-12-88, YITP-SB-12-33",
      SLACcitation   = "%%CITATION = ARXIV:1209.3023;%%"
}

@article{18nova,
      author         = "Adamson, P. and others",
      title          = "{First measurement of electron neutrino appearance in
                        NOvA}",
      collaboration  = "NOvA",
      journal        = "Phys. Rev. Lett.",
      volume         = "116",
      year           = "2016",
      number         = "15",
      pages          = "151806",
      doi            = "10.1103/PhysRevLett.116.151806",
      eprint         = "1601.05022",
      archivePrefix  = "arXiv",
      primaryClass   = "hep-ex",
      reportNumber   = "FERMILAB-PUB-15-262-ND",
      SLACcitation   = "%%CITATION = ARXIV:1601.05022;%%"
}

@article{19NuMI,
      author         = "Adamson, P. and others",
      title          = "{The NuMI Neutrino Beam}",
      journal        = "Nucl. Instrum. Meth.",
      volume         = "A806",
      year           = "2016",
      pages          = "279-306",
      doi            = "10.1016/j.nima.2015.08.063",
      eprint         = "1507.06690",
      archivePrefix  = "arXiv",
      primaryClass   = "physics.acc-ph",
      reportNumber   = "FERMILAB-PUB-15-253-AD-FESS-ND",
      SLACcitation   = "%%CITATION = ARXIV:1507.06690;%%"
}

@article{20SUPERK,
  title = {Search for Differences in Oscillation Parameters for Atmospheric Neutrinos and Antineutrinos at Super-Kamiokande},
  author = {Abe, K. and Hayato, Y. and Iida, T. and Ikeda, M. and Iyogi, K. and Kameda, J. and Koshio, Y. and Kozuma, Y. and Miura, M. and Moriyama, S. and Nakahata, M. and Nakayama, S. and Obayashi, Y. and Sekiya, H. and Shiozawa, M. and Suzuki, Y. and Takeda, A. and Takenaga, Y. and Takeuchi, Y. and Ueno, K. and Ueshima, K. and Watanabe, H. and Yamada, S. and Yokozawa, T. and Ishihara, C. and Kaji, H. and Lee, K. P. and Kajita, T. and Kaneyuki, K. and McLachlan, T. and Okumura, K. and Shimizu, Y. and Tanimoto, N. and Martens, K. and Vagins, M. R. and Labarga, L. and Magro, L. M. and Dufour, F. and Kearns, E. and Litos, M. and Raaf, J. L. and Stone, J. L. and Sulak, L. R. and Goldhaber, M. and Bays, K. and Kropp, W. R. and Mine, S. and Regis, C. and Smy, M. B. and Sobel, H. W. and Ganezer, K. S. and Hill, J. and Keig, W. E. and Jang, J. S. and Kim, J. Y. and Lim, I. T. and Albert, J. B. and Scholberg, K. and Walter, C. W. and Wendell, R. and Wongjirad, T. M. and Tasaka, S. and Learned, J. G. and Matsuno, S. and Hasegawa, T. and Ishida, T. and Ishii, T. and Kobayashi, T. and Nakadaira, T. and Nakamura, K. and Nishikawa, K. and Nishino, H. and Oyama, Y. and Sakashita, K. and Sekiguchi, T. and Tsukamoto, T. and Suzuki, A. T. and Minamino, A. and Nakaya, T. and Fukuda, Y. and Itow, Y. and Mitsuka, G. and Tanaka, T. and Jung, C. K. and Taylor, I. and Yanagisawa, C. and Ishino, H. and Kibayashi, A. and Mino, S. and Mori, T. and Sakuda, M. and Toyota, H. and Kuno, Y. and Kim, S. B. and Yang, B. S. and Ishizuka, T. and Okazawa, H. and Choi, Y. and Nishijima, K. and Koshiba, M. and Yokoyama, M. and Totsuka, Y. and Chen, S. and Heng, Y. and Yang, Z. and Zhang, H. and Kielczewska, D. and Mijakowski, P. and Connolly, K. and Dziomba, M. and Wilkes, R. J.},
  collaboration = {Super-Kamiokande Collaboration},
  journal = {Phys. Rev. Lett.},
  volume = {107},
  issue = {24},
  pages = {241801},
  numpages = {6},
  year = {2011},
  month = {Dec},
  publisher = {American Physical Society},
  doi = {10.1103/PhysRevLett.107.241801},
  url = {http://link.aps.org/doi/10.1103/PhysRevLett.107.241801}
}

@article{21T2K,
      author         = "Abe, K. and others",
      title          = "{Measurements of neutrino oscillation in appearance and
                        disappearance channels by the T2K experiment with
                        6.6x10$^{20}$ protons on target}",
      collaboration  = "T2K",
      journal        = "Phys. Rev.",
      volume         = "D91",
      year           = "2015",
      number         = "7",
      pages          = "072010",
      doi            = "10.1103/PhysRevD.91.072010",
      eprint         = "1502.01550",
      archivePrefix  = "arXiv",
      primaryClass   = "hep-ex",
      SLACcitation   = "%%CITATION = ARXIV:1502.01550;%%"
}

@article{22K2K,
      author         = "Ahn, M. H. and others",
      title          = "{Measurement of Neutrino Oscillation by the K2K
                        Experiment}",
      collaboration  = "K2K",
      journal        = "Phys. Rev.",
      volume         = "D74",
      year           = "2006",
      pages          = "072003",
      doi            = "10.1103/PhysRevD.74.072003",
      eprint         = "hep-ex/0606032",
      archivePrefix  = "arXiv",
      primaryClass   = "hep-ex",
      SLACcitation   = "%%CITATION = HEP-EX/0606032;%%"
}

@article{23DUNE,
      author         = "Acciarri, R. and others",
      title          = "{Long-Baseline Neutrino Facility (LBNF) and Deep
                        Underground Neutrino Experiment (DUNE) Conceptual Design
                        Report Volume 1: The LBNF and DUNE Projects}",
      collaboration  = "DUNE",
      year           = "2016",
      eprint         = "1601.05471",
      archivePrefix  = "arXiv",
      primaryClass   = "physics.ins-det",
      reportNumber   = "FERMILAB-DESIGN-2016-01",
      SLACcitation   = "%%CITATION = ARXIV:1601.05471;%%"
}

@article{24HyperK,
      author         = "Abe, K. and others",
      title          = "{Letter of Intent: The Hyper-Kamiokande Experiment ---
                        Detector Design and Physics Potential ---}",
      year           = "2011",
      eprint         = "1109.3262",
      archivePrefix  = "arXiv",
      primaryClass   = "hep-ex",
      SLACcitation   = "%%CITATION = ARXIV:1109.3262;%%"
}

@article{25NUfact,
      author        = "Gruber, P and Aleksa, Martin and Amand, J F and Autin,
                       Bruno and Baldy, J L and Benedikt, Michael and Benett, R
                       and Bernardon, A and Blondel, A and Bongardt, K and Cappi,
                       R and Castellano, M G and Chiaveri, Enrico and Delahaye, J
                       P and Densham, C J and Drumm, P V and Edgecocka, R and
                       Fabich, A and Franchetti, Giuliano and Gareyte, Jacques and
                       Garoby, R and Gastaldi, Ugo and Gerigk, F and Gilardoni, S
                       S and Giovannozzi, Massimo and Hancock, S and Hanke, K and
                       Haseroth, H and Hill, C and Hoffman, I and Holzer, B and
                       Hübner, K and Jansson, A and Johnson, C D and Johnston, C
                       and Küchler, D and Lettry, Jacques and Lindroos, M and
                       Lombardi, A M and Martini, M and Migliorati, M and Méot, F
                       and Métral, Elias and Möhl, D and Müller, A S and
                       Neuffer, David V and Palumbo, L and Pasternak, J and
                       Perrin, A and Pirkl, Werner and Poehler, M and Prior, C R
                       and Ravn, H L and Rees, G and Riche, A and Russenschuck,
                       Stephan and Ryne, Robert D and Schindl, Karlheinz and
                       Schriber, Stanley O and Schönauer, Horst Otto and
                       Scrivens, R and Senichev, Yu V and Sievers, P and Silari,
                       Marco and Tazzioli, F and Ullrich, H M and Vassilopoulos, N
                       and Verdier, A and Vretenar, Maurizio and Wenander, F and
                       Wilson, Edmund J N and Wyss, C and Zimmermann, M F and
                       Zisman, M S and Zucchelli, P",
      title         = "{The Study of a European Neutrino Factory Complex}",
      number        = "CERN-PS-2002-080-PP. CERN-NEUTRINO-FACTORY-NOTE-122.
                       CERN-NUFACT-NOTE-122",
      pages         = "73 p",
      month         = "Dec",
      year          = "2002",
      reportNumber  = "CERN-PS-2002-080-PP",
      url           = "http://cds.cern.ch/record/610249",
}

@techreport{26babyMIND,
      author        = "Noah, E",
      title         = "{Proposal for characterization of muon spectrometers for
                       neutrino beam lines with the Baby MIND}",
      institution   = "CERN",
      address       = "Geneva",
      number        = "CERN-SPSC-2015-031. SPSC-P-353",
      month         = "Oct",
      year          = "2015",
      reportNumber  = "CERN-SPSC-2015-031",
      url           = "http://cds.cern.ch/record/2057587",
}

@article{27Bross,
      author         = "Bross, A. and others",
      title          = "{Toroidal magnetized iron neutrino detector for a
                        neutrino factory}",
      journal        = "Phys. Rev. ST Accel. Beams",
      volume         = "16",
      year           = "2013",
      number         = "8",
      pages          = "081002",
      doi            = "10.1103/PhysRevSTAB.16.081002",
      eprint         = "1306.5327",
      archivePrefix  = "arXiv",
      primaryClass   = "physics.ins-det",
      reportNumber   = "FERMILAB-PUB-13-657-APC-PPD",
      SLACcitation   = "%%CITATION = ARXIV:1306.5327;%%"
}

@phdthesis{28Laing,
      author         = "Laing, Andrew Brian",
      title          = "{Optimisation of detectors for the golden channel at a
                        neutrino factory}",
      school         = "Glasgow U.",
      year           = "2010",
      url            = "http://theses.gla.ac.uk/2216/",
      reportNumber   = "GLA-THESIS-2010-2216",
      SLACcitation   = "%%CITATION = GLA-THESIS-2010-2216;%%"
}

@article{29nuSTORM,
      author         = "Adey, D. and others",
      title          = "{Light sterile neutrino sensitivity at the nuSTORM
                        facility}",
      collaboration  = "nuSTORM",
      journal        = "Phys. Rev.",
      volume         = "D89",
      year           = "2014",
      number         = "7",
      pages          = "071301",
      doi            = "10.1103/PhysRevD.89.071301",
      eprint         = "1402.5250",
      archivePrefix  = "arXiv",
      primaryClass   = "hep-ex",
      reportNumber   = "FERMILAB-PUB-14-043-APC-PPD",
      SLACcitation   = "%%CITATION = ARXIV:1402.5250;%%"
}

@article{30WAGASCI,
  author={T Ovsiannikova and M Antonova and C Bronner and A Blondel and A Bonnemaison and R Cornat and F Cadoux and N Chikuma and S Cao and O
Drapier and A Izmaylov and A K Ichikawa and O Ferreira and Y Favre and F Gastaldi and M Gonin and T Hayashino and F Hosomi and Y
Hayato and T Koga and K Kondo and K Kin and Y Kudenko and M Khabibullin and A Khotjantsev and A Minamino and Th A Mueller and A
Mefodiev and O Mineev and K Nakamura and T Nakaya and E Noah and N Patel and B Quilain and M Rayner and Y Seiya and S Suvorov and N
Yershov and M Yamamoto and K Yamamoto and M Yokoyama},
  title={The new experiment WAGASCI for water to hydrocarbon neutrino cross section measurement using the J-PARC beam},
  journal={Journal of Physics: Conference Series},
  volume={675},
  number={1},
  pages={012030},
  url={http://stacks.iop.org/1742-6596/675/i=1/a=012030},
  year={2016},
  abstract={The T2K (Tokai-to-Kamioka) is a long baseline neutrino experiment designed to study various parameters that rule neutrino oscillations, with an intense beam of muon neutrinos. A near detector complex (ND280) is used to constrain non-oscillated flux and hence to predict the expected number of events in the far detector (Super-Kamiokande). The difference in the target material between the far (water) and near (scintillator, hydrocarbon) detectors leads to the main non-canceling systematic uncertainty for the oscillation analysis. In order to reduce this uncertainty a new water grid and scintillator detector, WAGASCI, has been proposed. The detector will be operated at the J-PARC neutrino beam line with the main physics goal to measure the charged current neutrino cross section ratio between water and hydrocarbon with a few percent accuracy. Further physics program may include high-precision measurements of different charged current neutrino interaction channels. The concept of the new detector will be covered together with the actual construction plan.}
}

@ONLINE{31Nemo:Online,
author = {NEMO collaboration},
month = {March},
year = {2017},
url = {http://nemo.in2p3.fr/physics/neutrinos.php}
}

@book{32Burchan:1995,
    author = {Burcham, W. E. and Jobes, M.},
    publisher = {Pearson education},
    title = {{Nuclear and Particle Physics}},
edition ={Second},
    year = {1995}
}

@ONLINE{33wiki1:Online,
author = {Wikipedia},
month = {March},
year = {2017},
url = {http://en.wikipedia.org/wiki/File:Standard_Model_of_Elementary_Particles.svg}
}

@inbook{34doi:10.1142/9789812562203_0002,

title = {The standard model and the neutrino},
booktitle = {Massive Neutrinos in Physics and Astrophysics},
chapter = {},
pages = {21-41},
doi = {10.1142/9789812562203_0002},
URL = {http://www.worldscientific.com/doi/abs/10.1142/9789812562203_0002},
eprint = {http://www.worldscientific.com/doi/pdf/10.1142/9789812562203_0002},
publisher = {WORLD SCIENTIFIC},
year = 2012,
edition = {3rd}

}

@article{35Higgs,
  title = {Broken Symmetry and the Mass of Gauge Vector Mesons},
  author = {Englert, F. and Brout, R.},
  journal = {Phys. Rev. Lett.},
  volume = {13},
  issue = {9},
  pages = {321--323},
  numpages = {0},
  year = {1964},
  month = {Aug},
  publisher = {American Physical Society},
  doi = {10.1103/PhysRevLett.13.321},
  url = {http://link.aps.org/doi/10.1103/PhysRevLett.13.321}
}


@inbook{36CRC,
	Annote = {doi:10.1201/9781420082401.fmatt},
	Booktitle = {Neutrinos in Particle Physics, Astrophysics and Cosmology},
	Date-Added = {2017-03-30 08:42:58 +0000},
	Date-Modified = {2017-03-30 08:42:58 +0000},
	Doi = {doi:10.1201/9781420082401.fmatt},
	Isbn = {978-1-4200-8239-5},
	M1 = {0},
	M3 = {doi:10.1201/9781420082401.fmatt},
	Month = {2017/03/30},
	Publisher = {CRC Press},
	Title = {Contents},
	Title1 = {Scottish Graduate Series},
	Ty = {CHAP},
	Url = {http://dx.doi.org/10.1201/9781420082401.fmatt},
	Year = {2008},
	Year1 = {2008/10/29},
	Bdsk-Url-1 = {http://dx.doi.org/10.1201/9781420082401.fmatt}}

@article{37Sakharov,
  author={Andrei D Sakharov},
  title={Violation of CP invariance, C asymmetry, and baryon asymmetry of the universe},
  journal={Soviet Physics Uspekhi},
  volume={34},
  number={5},
  pages={392},
  url={http://stacks.iop.org/0038-5670/34/i=5/a=A08},
  year={1991},
  abstract={}
}



@article{Fix1,
      author         = "Kodama, K. and others",
      title          = "{Observation of tau neutrino interactions}",
      collaboration  = "DONUT",
      journal        = "Phys. Lett.",
      volume         = "B504",
      year           = "2001",
      pages          = "218-224",
      doi            = "10.1016/S0370-2693(01)00307-0",
      eprint         = "hep-ex/0012035",
      archivePrefix  = "arXiv",
      primaryClass   = "hep-ex",
      reportNumber   = "FERMILAB-PUB-00-335-E",
      SLACcitation   = "%%CITATION = HEP-EX/0012035;%%"
}

@ONLINE{Fix2,
month = May,
year = {2016},
url = {https://cenf-baby-mind.web.cern.ch}
}

@ONLINE{Fix3,
month = May,
year = {2016},
url = {https://github.com/rbayes/SaRoMaN/tree/Release}
}

@ONLINE{Fix4,
month = May,
year = {2016},
url = {http://lspace.ppe.gla.ac.uk/}
}

@article{Fix5,
  title = {Neutrino factory},
  author = {Bogomilov, M. and Matev, R. and Tsenov, R. and Dracos, M. and Bonesini, M. and Palladino, V. and Tortora, L. and Mori, Y. and Planche, T. and Lagrange, J. B. and Kuno, Y. and Benedetto, E. and Efthymiopoulos, I. and Garoby, R. and Gilardoini, S. and Martini, M. and Wildner, E. and Prior, G. and Blondel, A. and Karadzhow, Y. and Ellis, M. and Kyberd, P. and Bayes, R. and Laing, A. and Soler, F. J. P. and Alekou, A. and Apollonio, M. and Aslaninejad, M. and Bontoiu, C. and Jenner, L. J. and Kurup, A. and Long, K. and Pasternak, J. and Zarrebini, A. and Poslimski, J. and Blackmore, V. and Cobb, J. and Tunnell, C. and Andreopoulos, C. and Bennett, J. R. J. and Brooks, S. and Caretta, O. and Davenne, T. and Densham, C. and Edgecock, T. R. and Fitton, M. and Kelliher, D. and Loveridge, P. and McFarland, A. and Machida, S. and Prior, C. and Rees, G. and Rogers, C. and Rooney, M. and Thomason, J. and Wilcox, D. and Booth, C. and Skoro, G. and Back, J. J. and Harrison, P. and Berg, J. S. and Fernow, R. and Gallardo, J. C. and Gupta, R. and Kirk, H. and Simos, N. and Stratakis, D. and Souchlas, N. and Witte, H. and Bross, A. and Geer, S. and Johnstone, C. and Makhov, N. and Neuffer, D. and Popovic, M. and Strait, J. and Striganov, S. and Morf\'{\i}n, J. G. and Wands, R. and Snopok, P. and Bagacz, S. A. and Morozov, V. and Roblin, Y. and Cline, D. and Ding, X. and Bromberg, C. and Hart, T. and Abrams, R. J. and Ankenbrandt, C. M. and Beard, K. B. and Cummings, M. A. C. and Flanagan, G. and Johnson, R. P. and Roberts, T. J. and Yoshikawa, C. Y. and Graves, V. B. and McDonald, K. T. and Coney, L. and Hanson, G.},
  journal = {Phys. Rev. ST Accel. Beams},
  volume = {17},
  issue = {12},
  pages = {121002},
  numpages = {14},
  year = {2014},
  month = {Dec},
  publisher = {American Physical Society},
  doi = {10.1103/PhysRevSTAB.17.121002},
  url = {http://link.aps.org/doi/10.1103/PhysRevSTAB.17.121002}
}

@article{Fix6,
author = {Nick Jelley and Arthur B. McDonald and R.G. Hamish Robertson},
title = {The Sudbury Neutrino Observatory},
journal = {Annual Review of Nuclear and Particle Science},
volume = {59},
number = {1},
pages = {431-465},
year = {2009},
doi = {10.1146/annurev.nucl.55.090704.151550},

URL = { 
        http://dx.doi.org/10.1146/annurev.nucl.55.090704.151550
    
},
eprint = { 
        http://dx.doi.org/10.1146/annurev.nucl.55.090704.151550
    
}

}

@article{Fix7,
   author = "Soler, F. J. P.",
   title = "Neutrino factories",
   journal = "AIP Conference Proceedings",
   year = "2015",
   volume = "1666",
   number = "", 
   eid = 130002,
   pages = "",
   url = "http://scitation.aip.org/content/aip/proceeding/aipcp/10.1063/1.4915580",
   doi = "http://dx.doi.org/10.1063/1.4915580" 
}



%Old

@inproceedings{MINOS,
      author         = "Habig, A. and Grashorn, E. W.",
      title          = "{The MINOS detectors}",
      booktitle      = "{29th International Cosmic Ray Conference (ICRC 2005)
                        Pune, India, August 3-11, 2005}",
      collaboration  = "MINOS",
      url            = "http://lss.fnal.gov/cgi-bin/find_paper.pl?conf-05-264-E",
      year           = "2005",
      pages          = "319",
      note           = "[9,319(2005)]",
      eprint         = "hep-ex/0507018",
      archivePrefix  = "arXiv",
      primaryClass   = "hep-ex",
      reportNumber   = "FERMILAB-CONF-05-264-E",
      SLACcitation   = "%%CITATION = HEP-EX/0507018;%%"
}

@article{ISS,
  author={The ISS Detector Working Group and T Abe and H Aihara and C Andreop oulos and A Ankowski and A Badertscher and G
Battistoni and A Blondel and J Bouchez and A Bross and A Bueno and L Camilleri and J E Campagne and A Cazes and A
Cervera-Villanueva and G De Lellis and F Di Capua and M Ellis and A Ereditato and L S Esposito and C Fukushima and E
Gschwendtner and J J Gomez-Cadenas and M Iwasaki and K Kaneyuki and Y Karadzhov and V Kashikhin and Y Kawai and M Komatsu and E
Kozlovskaya and Y Kudenko and A Kusaka and H Kyushima and A Laing and K Long and A Longhin and A Marchionni and A Marotta and C McGrew and S
Menary and A Meregaglia and M Mezzeto and P Migliozzi and N K Mondal and C Montanari and T Nakadaira and M Nakamura and H Nakumo and H
Nakayama and J Nelson and J Nowak and S Ogawa and J Peltoniemi and A Pla-Dalmau and S Ragazzi and A Rubbia and F Sanchez and J Sarkamo and O
Sato and M Selvi and H Shibuya and M Shozawa and J Sobczyk and F J P Soler and P Strolin and M Suyama and M Tanaka and F Terranova and R
Tsenov and Y Uchida and A Weber and A Zlobin},
  title={International Scoping Study (ISS) for a future neutrino factory and Super-Beam facility. Detectors and flux instrumentation for future neutrino facilities},
  journal={Journal of Instrumentation},
  volume={4},
  number={05},
  pages={T05001},
  url={http://stacks.iop.org/1748-0221/4/i=05/a=T05001},
  year={2009},
  abstract={This report summarises the conclusions from the detector group of the International Scoping Study of a future Neutrino Factory and Super-Beam neutrino facility. The baseline detector options for each possible neutrino beam are defined as follows: * A very massive (Megaton) water Cherenkov detector is the baseline option for a sub-GeV Beta Beam and Super Beam facility. * There are a number of possibilities for either a Beta Beam or Super Beam (SB) medium energy facility between 1–5 GeV. These include a totally active scintillating detector (TASD), a liquid argon TPC or a water Cherenkov detector. * A 100 kton magnetized iron neutrino detector (MIND) is the baseline to detect the wrong sign muon final states (golden channel) at a high energy (20–50 GeV) neutrino factory from muon decay. A 10 kton hybrid neutrino magnetic emulsion cloud chamber detector for wrong sign tau detection (silver channel) is a possible complement to MIND, if one needs to resolve degeneracies that appear in the δ-θ 13 parameter space.}
}



@article{Geant4,
title = "Geant4—a simulation toolkit ",
journal = "Nuclear Instruments and Methods in Physics Research Section A: Accelerators, Spectrometers, Detectors and Associated Equipment ",
volume = "506",
number = "3",
pages = "250 - 303",
year = "2003",
note = "",
issn = "0168-9002",
doi = "http://dx.doi.org/10.1016/S0168-9002(03)01368-8",
url = "http://www.sciencedirect.com/science/article/pii/S0168900203013688",
author = "S. Agostinelli and J. Allison and K. Amako and J. Apostolakis and H. Araujo and P. Arce and M. Asai and D. Axen and S. Banerjee and G. Barrand and F. Behner and L. Bellagamba and J. Boudreau and L. Broglia and A. Brunengo and H. Burkhardt and S. Chauvie and J. Chuma and R. Chytracek and G. Cooperman and G. Cosmo and P. Degtyarenko and A. Dell'Acqua and G. Depaola and D. Dietrich and R. Enami and A. Feliciello and C. Ferguson and H. Fesefeldt and G. Folger and F. Foppiano and A. Forti and S. Garelli and S. Giani and R. Giannitrapani and D. Gibin and J.J. Gómez Cadenas and I. González and G. Gracia Abril and G. Greeniaus and W. Greiner and V. Grichine and A. Grossheim and S. Guatelli and P. Gumplinger and R. Hamatsu and K. Hashimoto and H. Hasui and A. Heikkinen and A. Howard and V. Ivanchenko and A. Johnson and F.W. Jones and J. Kallenbach and N. Kanaya and M. Kawabata and Y. Kawabata and M. Kawaguti and S. Kelner and P. Kent and A. Kimura and T. Kodama and R. Kokoulin and M. Kossov and H. Kurashige and E. Lamanna and T. Lampén and V. Lara and V. Lefebure and F. Lei and M. Liendl and W. Lockman and F. Longo and S. Magni and M. Maire and E. Medernach and K. Minamimoto and P. Mora de Freitas and Y. Morita and K. Murakami and M. Nagamatu and R. Nartallo and P. Nieminen and T. Nishimura and K. Ohtsubo and M. Okamura and S. O'Neale and Y. Oohata and K. Paech and J. Perl and A. Pfeiffer and M.G. Pia and F. Ranjard and A. Rybin and S. Sadilov and E. Di Salvo and G. Santin and T. Sasaki and N. Savvas and Y. Sawada and S. Scherer and S. Sei and V. Sirotenko and D. Smith and N. Starkov and H. Stoecker and J. Sulkimo and M. Takahata and S. Tanaka and E. Tcherniaev and E. Safai Tehrani and M. Tropeano and P. Truscott and H. Uno and L. Urban and P. Urban and M. Verderi and A. Walkden and W. Wander and H. Weber and J.P. Wellisch and T. Wenaus and D.C. Williams and D. Wright and T. Yamada and H. Yoshida and D. Zschiesche",
keywords = "Simulation",
keywords = "Particle interactions",
keywords = "Geometrical modelling",
keywords = "Software engineering",
keywords = "Object-oriented technology",
keywords = "Distributed software development ",
abstract = "Geant4 is a toolkit for simulating the passage of particles through matter. It includes a complete range of functionality including tracking, geometry, physics models and hits. The physics processes offered cover a comprehensive range, including electromagnetic, hadronic and optical processes, a large set of long-lived particles, materials and elements, over a wide energy range starting, in some cases, from 250 eV and extending in others to the TeV energy range. It has been designed and constructed to expose the physics models utilised, to handle complex geometries, and to enable its easy adaptation for optimal use in different sets of applications. The toolkit is the result of a worldwide collaboration of physicists and software engineers. It has been created exploiting software engineering and object-oriented technology and implemented in the C++ programming language. It has been used in applications in particle physics, nuclear physics, accelerator design, space engineering and medical physics. "
}

\if{0}





@article{Cervera2010601,
title = "Performance of the \{MIND\} detector at a Neutrino Factory using realistic muon reconstruction ",
journal = "Nuclear Instruments and Methods in Physics Research Section A: Accelerators, Spectrometers, Detectors and Associated Equipment ",
volume = "624",
number = "3",
pages = "601 - 614",
year = "2010",
note = "",
issn = "0168-9002",
doi = "http://dx.doi.org/10.1016/j.nima.2010.09.049",
url = "http://www.sciencedirect.com/science/article/pii/S0168900210020735",
author = "A. Cervera and A. Laing and J. Martín-Albo and F.J.P. Soler",
keywords = "Neutrino Factory",
keywords = "Detector",
keywords = "Neutrino oscillation ",
abstract = "A Neutrino Factory producing an intense beam composed of ν e ( ν ¯ e ) and ν ¯ μ ( ν μ ) from muon decays has been shown to have the greatest sensitivity to the two currently unmeasured neutrino mixing parameters, θ 13 and δ \{CP\} . Using the ‘wrong-sign muon’ signal to measure ν e → ν μ ( ν ¯ e → ν ¯ μ ) oscillations in a 50 kt Magnetised Iron Neutrino Detector (MIND) sensitivity to δ \{CP\} could be maintained down to small values of θ 13 . However, the detector efficiencies used in these previous studies were calculated assuming perfect pattern recognition. In this paper, \{MIND\} is reassessed taking into account, for the first time, a realistic pattern recognition for the muon candidate. Reoptimisation of the analysis utilises a combination of methods, including a multivariate analysis similar to the one used in MINOS, to maintain high efficiency while suppressing backgrounds, ensuring that the signal selection efficiency and the background levels are comparable or better than the ones in previous analyses. As a result \{MIND\} remains the most sensitive future facility for the discovery of \{CP\} violation from neutrino oscillations. "
}

@article{1742-6596-408-1-012075,
  author={R Bayes and A Bross and A Cervera-Villanueva and M Ellis and A Laing and F J P Soler and R Wands},
  title={Status of a MIND type Neutrino Factory Far Detector},
  journal={Journal of Physics: Conference Series},
  volume={408},
  number={1},
  pages={012075},
  url={http://stacks.iop.org/1742-6596/408/i=1/a=012075},
  year={2013},
  abstract={A realistic simulation and analysis of a Magnetized Iron Neutrino Detector (MIND) has been developed for the purpose of understanding the potential sensitivity of such a facility. The status of the MIND simulation and reconstruction as discussed in the interim design report is reviewed here. Priorities for producing a more realistic simulation for a reference design report will be discussed, as will be the steps that have already been taken towards an improved simulation.}
}
	
@article{enlighten106830,
          volume = {17},
           month = {December},
           title = {Neutrino factory},
          author = {M. Bogomilov and R. Matev and R. Tsenov and M. Dracos and M. Bonesini and V. Palladino and L. Tortora and Y. Mori and T. Planche and J. B. Lagrange and Y. Kuno and E. Benedetto and I. Efthymiopoulos and R. Garoby and S. Gilardoini and M. Martini and E. Wildner and G. Prior and A. Blondel and Y. Karadzhow and M. Ellis and P. Kyberd and R. Bayes and A. Laing and F.J.P. Soler and A. Alekou and M. Apollonio and M. Aslaninejad and C. Bontoiu and L. J. Jenner and A. Kurup and K. Long and J. Pasternak and A. Zarrebini and J. Poslimski and V. Blackmore and J. Cobb and C. Tunnell and C. Andreopoulos and J. R. J. Bennett and S. Brooks and O. Caretta and T. Davenne and C. Densham and T. R. Edgecock and M. Fitton and D. Kelliher and P. Loveridge and A. McFarland and S. Machida and C. Prior and G. Rees and C. Rogers and M. Rooney and J. Thomason and D. Wilcox and C. Booth and G. Skoro and J. J. Back and P. Harrison and J. S. Berg and R. Fernow and J. C. Gallardo and R. Gupta and H. Kirk and N. Simos and D. Stratakis and N. Souchlas and H. Witte and A. Bross and S. Geer and C. Johnstone and N. Makhov and D. Neuffer and M. Popovic and J. Strait and S. Striganov and J. G. Morf{\'i}n and R. Wands and P. Snopok and S. A. Bagacz and V. Morozov and Y. Roblin and D. Cline and X. Ding and C. Bromberg and T. Hart and R. J. Abrams and C. M. Ankenbrandt and K. B. Beard and M. A. C. Cummings and G. Flanagan and R. P. Johnson and T. J. Roberts and C. Y. Yoshikawa and V. B. Graves and K. T. McDonald and L. Coney and G. Hanson},
       publisher = {American Physical Society},
            year = {2014},
         journal = {Physical Review Special Topics: Accelerators and Beams},
             url = {http://eprints.gla.ac.uk/106830/},
        abstract = {The properties of the neutrino provide a unique window on physics beyond that described by the standard model. The study of subleading effects in neutrino oscillations, and the race to discover CP-invariance violation in the lepton sector, has begun with the recent discovery that {\ensuremath{\theta}}13{\ensuremath{>}}0. The measured value of {\ensuremath{\theta}}13 is large, emphasizing the need for a facility at which the systematic uncertainties can be reduced to the percent level. The neutrino factory, in which intense neutrino beams are produced from the decay of muons, has been shown to outperform all realistic alternatives and to be capable of making measurements of the requisite precision. Its unique discovery potential arises from the fact that only at the neutrino factory is it practical to produce high-energy electron (anti)neutrino beams of the required intensity. This paper presents the conceptual design of the neutrino factory accelerator facility developed by the European Commission Framework Programme 7 EURO{\ensuremath{\nu}} Design Study consortium. EURO{\ensuremath{\nu}} coordinated the European contributions to the International Design Study for the Neutrino Factory (the IDS-NF) collaboration. The EURO{\ensuremath{\nu}} baseline accelerator facility will provide 1021 muon decays per year from 12.6Â GeV stored muon beams serving a single neutrino detector situated at a source-detector distance of between 1â€‰500Â km and 2â€‰500Â km. A suite of near detectors will allow definitive neutrino-scattering experiments to be performed.},
             doi = {10.1103/PhysRevSTAB.17.121002}
}

@article{NuOsc,
title = "Future neutrino oscillation facilities: physics priorities and open issues ",
journal = "Nuclear Physics B - Proceedings Supplements ",
volume = "155",
number = "1",
pages = "131 - 142",
year = "2006",
note = "Proceedings to the 7th International Workshop on Neutrino Factories and SuperbeamsProceedings to the 7th International Workshop on Neutrino Factories and Superbeams ",
issn = "0920-5632",
doi = "http://dx.doi.org/10.1016/j.nuclphysbps.2006.02.024",
url = "http://www.sciencedirect.com/science/article/pii/S0920563206001095",
author = "Alain Blondel",
abstract = "The recent discovery that neutrinos have masses opens a wide new field of experimentation. Accelerator-made neutrinos are essential in this program. Ideas for future facilities include Superbeam, Beta-beam, or Neutrino Factory, each associated with one or several options for detector systems. We now begin a “scoping study” aimed at determining a set of key R&amp;D projects enabling the community to propose an ambitious accelerator neutrino program at the turn of this decade. As an introduction to this study, a set of physics priorities, a summary of the perceived virtues and shortcomings of the various options, and a number of open questions are presented. "
}

@article{PhysRevLett.81.1562,
  title = {Evidence for Oscillation of Atmospheric Neutrinos},
  author = {Fukuda, Y. and Hayakawa, T. and Ichihara, E. and Inoue, K. and Ishihara, K. and Ishino, H. and Itow, Y. and Kajita, T. and Kameda, J. and Kasuga, S. and Kobayashi, K. and Kobayashi, Y. and Koshio, Y. and Miura, M. and Nakahata, M. and Nakayama, S. and Okada, A. and Okumura, K. and Sakurai, N. and Shiozawa, M. and Suzuki, Y. and Takeuchi, Y. and Totsuka, Y. and Yamada, S. and Earl, M. and Habig, A. and Kearns, E. and Messier, M. D. and Scholberg, K. and Stone, J. L. and Sulak, L. R. and Walter, C. W. and Goldhaber, M. and Barszczxak, T. and Casper, D. and Gajewski, W. and Halverson, P. G. and Hsu, J. and Kropp, W. R. and Price, L. R. and Reines, F. and Smy, M. and Sobel, H. W. and Vagins, M. R. and Ganezer, K. S. and Keig, W. E. and Ellsworth, R. W. and Tasaka, S. and Flanagan, J. W. and Kibayashi, A. and Learned, J. G. and Matsuno, S. and Stenger, V. J. and Takemori, D. and Ishii, T. and Kanzaki, J. and Kobayashi, T. and Mine, S. and Nakamura, K. and Nishikawa, K. and Oyama, Y. and Sakai, A. and Sakuda, M. and Sasaki, O. and Echigo, S. and Kohama, M. and Suzuki, A. T. and Haines, T. J. and Blaufuss, E. and Kim, B. K. and Sanford, R. and Svoboda, R. and Chen, M. L. and Conner, Z. and Goodman, J. A. and Sullivan, G. W. and Hill, J. and Jung, C. K. and Martens, K. and Mauger, C. and McGrew, C. and Sharkey, E. and Viren, B. and Yanagisawa, C. and Doki, W. and Miyano, K. and Okazawa, H. and Saji, C. and Takahata, M. and Nagashima, Y. and Takita, M. and Yamaguchi, T. and Yoshida, M. and Kim, S. B. and Etoh, M. and Fujita, K. and Hasegawa, A. and Hasegawa, T. and Hatakeyama, S. and Iwamoto, T. and Koga, M. and Maruyama, T. and Ogawa, H. and Shirai, J. and Suzuki, A. and Tsushima, F. and Koshiba, M. and Nemoto, M. and Nishijima, K. and Futagami, T. and Hayato, Y. and Kanaya, Y. and Kaneyuki, K. and Watanabe, Y. and Kielczewska, D. and Doyle, R. A. and George, J. S. and Stachyra, A. L. and Wai, L. L. and Wilkes, R. J. and Young, K. K.},
  collaboration = {Super-Kamiokande Collaboration},
  journal = {Phys. Rev. Lett.},
  volume = {81},
  issue = {8},
  pages = {1562--1567},
  numpages = {0},
  year = {1998},
  month = {Aug},
  publisher = {American Physical Society},
  doi = {10.1103/PhysRevLett.81.1562},
  url = {http://link.aps.org/doi/10.1103/PhysRevLett.81.1562}
}

@INPROCEEDINGS{RecPack,
   author = {{Cervera-Villanueva}, A. and {G{\'o}mez-Cadenas}, J.~J. and 
	{Hernando}, J.~A.},
    title = "{RecPack, a general reconstruction toolkit}",
 keywords = {reconstruction, kalman filter, propagation, fitting},
booktitle = {Astroparticle, Particle, Space Physics and Detectors For Physics Applications - Proceedings of the 13th ICATPP Conference. Edited by Giani Simone et al. Published by World Scientific Publishing Co. Pte. Ltd., 2012. ISBN \#9789814405072, pp. 954-960},
     year = 2012,
   editor = {{Giani}, S. and {et al.}},
    month = aug,
    pages = {954-960},
      doi = {10.1142/9789814405072_0146},
   adsurl = {http://adsabs.harvard.edu/abs/2012apsp.conf..954C},
  adsnote = {Provided by the SAO/NASA Astrophysics Data System}
}

\fi