@InProceedings{strowes:2011:reallycool,
        BookTitle = {The 14th International Jolly to Hawaii},
        Month = {April},
        author = {Strowes, Stephen D.},
        title = {{YANSEYSUI: Yet Another Network Simulation Environment You Should Use Immediately}},
        year = {2011},
}
